<?xml version="1.0" encoding="UTF-8"?><record xmlns="http://www.loc.gov/MARC21/slim" xmlns:cinclude="http://apache.org/cocoon/include/1.0" xmlns:zs="http://www.loc.gov/zing/srw/">
  <leader>00720cz  a2200205n  4500</leader>
  <controlfield tag="001">n  94105649 </controlfield>
  <controlfield tag="003">DLC</controlfield>
  <controlfield tag="005">20100517081051.0</controlfield>
  <controlfield tag="008">941102n| acannaabn          |a ana      </controlfield>
  <datafield tag="010" ind1=" " ind2=" ">
    <subfield code="a">n  94105649 </subfield>
  </datafield>
  <datafield tag="034" ind1=" " ind2=" ">
    <subfield code="d">E0091400</subfield>
    <subfield code="e">E0091400</subfield>
    <subfield code="f">N0454100</subfield>
    <subfield code="g">N0454100</subfield>
    <subfield code="2">other</subfield>
  </datafield>
  <datafield tag="035" ind1=" " ind2=" ">
    <subfield code="a">(OCoLC)oca03711770</subfield>
  </datafield>
  <datafield tag="040" ind1=" " ind2=" ">
    <subfield code="a">DLC</subfield>
    <subfield code="b">eng</subfield>
    <subfield code="c">DLC</subfield>
    <subfield code="d">DLC</subfield>
    <subfield code="d">OCoLC</subfield>
  </datafield>
  <datafield tag="043" ind1=" " ind2=" ">
    <subfield code="a">e-it---</subfield>
  </datafield>
  <datafield tag="151" ind1=" " ind2=" ">
    <subfield code="a">Carate Brianza (Italy)</subfield>
  </datafield>
  <datafield tag="451" ind1=" " ind2=" ">
    <subfield code="a">Carate (Italy)</subfield>
  </datafield>
  <datafield tag="670" ind1=" " ind2=" ">
    <subfield code="a">Per le antiche contrade, 1992:</subfield>
    <subfield code="b">p. 3 (Carate; Carate Brianza)</subfield>
  </datafield>
  <datafield tag="670" ind1=" " ind2=" ">
    <subfield code="a">BGN gaz. Italy, 1956</subfield>
    <subfield code="b">(Carate Brianza; ppl 45°41ʹN 9°14ʹE; variant: Carate)</subfield>
  </datafield>
  <datafield tag="670" ind1=" " ind2=" ">
    <subfield code="a">Nuo. diz. dei comuni e frazioni ... 1984</subfield>
    <subfield code="b">(Carate Brianza; comune, prov. Milano)</subfield>
  </datafield>
  <datafield tag="781" ind1=" " ind2="0">
    <subfield code="z">Italy</subfield>
    <subfield code="z">Carate Brianza</subfield>
  </datafield>
</record>